<?xml version="1.0" encoding="UTF-8"?>
<collection xmlns:xsi="http://www.w3.org/2001/XMLSchema-instance" xsi:schemaLocation="http://www.loc.gov/MARC21/slim http://www.loc.gov/standards/marcxml/schema/MARC21slim.xsd" xmlns="http://www.loc.gov/MARC21/slim">
<record>
  <leader>01300mam a2200277   4500</leader>
  <controlfield tag="001">3368132</controlfield>
  <controlfield tag="003">NNC</controlfield>
  <controlfield tag="005">20130426163902.0</controlfield>
  <controlfield tag="008">890926s1947    ua            000 0 araod</controlfield>
  <datafield tag="035" ind1=" " ind2=" ">
    <subfield code="a">(OCoLC)ocm23508482</subfield>
  </datafield>
  <datafield tag="035" ind1=" " ind2=" ">
    <subfield code="9">AVD2641CU</subfield>
  </datafield>
  <datafield tag="035" ind1=" " ind2=" ">
    <subfield code="a">(NNC)3368132</subfield>
  </datafield>
  <datafield tag="040" ind1=" " ind2=" ">
    <subfield code="a">EYM</subfield>
    <subfield code="c">EYM</subfield>
    <subfield code="d">CGU</subfield>
  </datafield>
  <datafield tag="050" ind1=" " ind2="4">
    <subfield code="a">B 741</subfield>
    <subfield code="b">.S96 1947</subfield>
  </datafield>
  <datafield tag="100" ind1="0" ind2=" ">
    <subfield code="a">Suyūṭī,</subfield>
    <subfield code="d">1445-1505.</subfield>
  </datafield>
  <datafield tag="245" ind1="1" ind2="0">
    <subfield code="a">Ṣawn al-manṭiq wa-al-kalām ʻan fann al-manṭiq wa-al-kalām /</subfield>
    <subfield code="c">li-Jalāl al-Dīn al-Suyūṭī. Wa-yalīhi mukhtaṣar al-Suyūṭī li-kitāb Naṣīḥat ahl al-īmān fī al-radd ʻalá manṭiq al-Yūnān li-Taqī al-Dīn ibn Taymīyah ; nasharahu wa-ʻallaqa ʻalayhi ʻAlī Sāmī al-Nashshār.</subfield>
  </datafield>
  <datafield tag="250" ind1=" " ind2=" ">
    <subfield code="a">[al-Ṭabʻah 1]</subfield>
  </datafield>
  <datafield tag="260" ind1=" " ind2=" ">
    <subfield code="a">Miṣr :</subfield>
    <subfield code="b">Maktabat al-Khānjī,</subfield>
    <subfield code="c">al-taqdīm 1947]</subfield>
  </datafield>
  <datafield tag="300" ind1=" " ind2=" ">
    <subfield code="a">5, 20, 398 p.</subfield>
    <subfield code="c">26 cm.</subfield>
  </datafield>
  <datafield tag="500" ind1=" " ind2=" ">
    <subfield code="a">"Kitāb Jahd al-qarīḥah fī tajrīd al-naṣīḥah" : p. 201-343.</subfield>
  </datafield>
  <datafield tag="504" ind1=" " ind2=" ">
    <subfield code="a">Bibliography : p. 17-20 (2nd group)</subfield>
  </datafield>
  <datafield tag="600" ind1="1" ind2="0">
    <subfield code="a">Ibn Taymīyah, Aḥmad ibn ʻAbd al-Ḥalīm,</subfield>
    <subfield code="d">1263-1328.</subfield>
    <subfield code="t">Naṣīḥat ahl al-īmān fī al-radd ʻalá manṭiq al-Yūnān.</subfield>
  </datafield>
  <datafield tag="650" ind1=" " ind2="0">
    <subfield code="a">Logic</subfield>
    <subfield code="z">Islamic countries</subfield>
    <subfield code="x">History.</subfield>
  </datafield>
  <datafield tag="650" ind1=" " ind2="0">
    <subfield code="a">Islam</subfield>
    <subfield code="x">Doctrines.</subfield>
  </datafield>
  <datafield tag="700" ind1="1" ind2=" ">
    <subfield code="a">Nashshār, ʻAlī Sāmī,</subfield>
    <subfield code="d">1917-1980,</subfield>
    <subfield code="e">editor.</subfield>
  </datafield>
  <datafield tag="955" ind1=" " ind2=" ">
    <subfield code="b">CU59020172</subfield>
    <subfield code="d">off,glx</subfield>
    <subfield code="e">893.7Su9 W</subfield>
  </datafield>
</record>
</collection>